@book{advanced_gi2006,
    author = {Dutre, Philip and Bala, Kavita and Bekaert, Philippe and Shirley, Peter},
    title = {Advanced Global Illumination},
    year = {2006},
    isbn = {1568813074},
    edition   = 2,
    publisher = {AK Peters Ltd},
}

@online{pixar_renderman_intro,
    author = {Per Christensen},
    title = "{Global Illumination and All That: Pixar Animation Studios}",
    year = {2003},
    howpublished = "\url{http://renderman.pixar.com/view/global-illumination-and-all-that}",
}

@online{brdf_explorer,
    author = {Disney},
    title = "{Disney's BRDF Explorer}",
    year = {2012},
    howpublished = "\url{https://github.com/wdas/brdf}",
}

@inproceedings{kajiya86,
    author = {Kajiya, James T.},
    title = "{The Rendering Equation}",
    booktitle = {Proceedings of the 13th Annual Conference on Computer Graphics and Interactive Techniques},
    series = {SIGGRAPH '86},
    year = {1986},
    isbn = {0-89791-196-2},
    pages = {143--150},
    numpages = {8},
    url = {http://doi.acm.org/10.1145/15922.15902},
    doi = {10.1145/15922.15902},
    acmid = {15902},
    publisher = {ACM},
    address = {New York, NY, USA},
}

@inproceedings{fournier1992d,
    author = {Alain Fournier},
    title = {Normal distribution functions and multiple surfaces},
    booktitle = {Graphics Interface~'92 Workshop on Local Illumination},
    year = {1992},
    month = {11~} # may, address = {Vancouver, BC, Canada},
    pages = {45--52} 
}

@techreport{tina-2003,
  abstract = {It is well known that the product and the convolution of two Gaussian distributions are also Gaussian distributions. This memo provides derivations for the mean and standard deviation of the resulting Gaussian distributions in both cases. These results are useful in calculating the effects of smoothing applied as an intermediate step in various algorithms. 
},
  added-at = {2011-02-11T18:47:13.000+0100},
  author = {Bromiley, P.A.},
  biburl = {http://www.bibsonomy.org/bibtex/277a7563536e69987a49428ff9a734fba/ytyoun},
  institution = {TINA Vision},
  interhash = {e3c58878c5496b7f033cfd709d4b2217},
  intrahash = {77a7563536e69987a49428ff9a734fba},
  keywords = {convolution gaussian product},
  number = {2003-003},
  timestamp = {2011-04-07T05:56:48.000+0200},
  title = {Products and Convolutions of Gaussian Distributions},
  type = {Internal Report},
  year = 2003
}

@article{Toksvig05,
    author    = {Michael Toksvig},
    title     = {Mipmapping Normal Maps},
    journal   = {J. Graphics Tools},
    volume    = {10},
    number    = {3},
    pages     = {65--71},
    year      = {2005},
    url       = {http://dx.doi.org/10.1080/2151237X.2005.10129203},
    doi       = {10.1080/2151237X.2005.10129203},
    timestamp = {Tue, 14 May 2013 17:39:00 +0200},
    biburl    = {http://dblp.uni-trier.de/rec/bib/journals/jgtools/Toksvig05},
    bibsource = {dblp computer science bibliography, http://dblp.org}
}

@inproceedings{Williams:78,
    author = {Williams, Lance},
    title = {Casting Curved Shadows on Curved Surfaces},
    booktitle = {Proceedings of the 5th Annual Conference on Computer Graphics and Interactive Techniques},
    series = {SIGGRAPH '78},
    year = {1978},
    pages = {270--274},
    numpages = {5},
    url = {http://doi.acm.org/10.1145/800248.807402},
    doi = {10.1145/800248.807402},
    acmid = {807402},
    publisher = {ACM},
    address = {New York, NY, USA},
    keywords = {Computer animation, Computer graphics, Hidden surface algorithms, Shadows},
}

@inproceedings{Deering:1988,
    author = {Deering, Michael and Winner, Stephanie and Schediwy, Bic and Duffy, Chris and Hunt, Neil},
    title = {The Triangle Processor and Normal Vector Shader: A VLSI System for High Performance Graphics},
    booktitle = {Proceedings of the 15th Annual Conference on Computer Graphics and Interactive Techniques},
    series = {SIGGRAPH '88},
    year = {1988},
    isbn = {0-89791-275-6},
    pages = {21--30},
    numpages = {10},
    url = {http://doi.acm.org/10.1145/54852.378468},
    doi = {10.1145/54852.378468},
    acmid = {378468},
    publisher = {ACM},
    address = {New York, NY, USA},
    keywords = {graphics VLSI, hardware lighting models, interpolation, real-time image display, shading, triangle processor},
} 

@article{Saito:1990,
 author = {Saito, Takafumi and Takahashi, Tokiichiro},
 title = {Comprehensible Rendering of 3-D Shapes},
 journal = {SIGGRAPH Comput. Graph.},
 issue_date = {Aug. 1990},
 volume = {24},
 number = {4},
 month = sep,
 year = {1990},
 issn = {0097-8930},
 pages = {197--206},
 numpages = {10},
 url = {http://doi.acm.org/10.1145/97880.97901},
 doi = {10.1145/97880.97901},
 acmid = {97901},
 publisher = {ACM},
 address = {New York, NY, USA},
} 

@misc{pat_lecture,
    author    = {Pat Hanrahan},
    title     = "{The Rendering Equation}",
    note = {Stanford University, California},
    year      = {2009},
    howpublished = "\url{http://graphics.stanford.edu/courses/cs348b-09/lectures/renderingequation/renderingequation.pdf}",
}

@Misc{hugo2000,
    author = {Hugo Elias},
    title = "{Radiosity: The Workings of a Radiosity Renderer}",
    howpublished = "\url{http://freespace.virgin.net/hugo.elias/radiosity/radiosity.htm}",
    year = {2000},
}

@article{goral84,
    author = {Goral, Cindy M. and Torrance, Kenneth E. and Greenberg, Donald P. and Battaile, Bennett},
    title = "{Modeling the Interaction of Light Between Diffuse Surfaces}",
    journal = {SIGGRAPH Comput. Graph.},
    issue_date = {July 1984},
    volume = {18},
    number = {3},
    month = jan,
    year = {1984},
    issn = {0097-8930},
    pages = {213--222},
    numpages = {10},
    url = {http://doi.acm.org/10.1145/964965.808601},
    doi = {10.1145/964965.808601},
    acmid = {808601},
    publisher = {ACM},
    address = {New York, NY, USA},
    keywords = {Diffuse reflections, Form factors, Light reflection models, Radiosity, Shading},
}

@misc{gi_renderingeq,
    author    = {Daniel Ritchie and Ravi Ramamoorthi},
    title     = "{Global Illumination and the Rendering Equation}",
    note = {University of California, Berkeley},
    year      = {2009},
    howpublished = "\url{https://inst.eecs.berkeley.edu/~cs294-13/fa09/lectures/scribe-lecture3.pdf}",
}

@article{gistar2011,
    author = {Ritschel, Tobias and Dachsbacher, Carsten and Grosch, Thorsten and Kautz, Jan},
    title = "{The State of the Art in Interactive Global Illumination}",
    journal = {Comput. Graph. Forum},
    issue_date = {February 2012},
    volume = {31},
    number = {1},
    month = feb,
    year = {2012},
    issn = {0167-7055},
    pages = {160--188},
    numpages = {29},
    url = {http://dx.doi.org/10.1111/j.1467-8659.2012.02093.x},
    doi = {10.1111/j.1467-8659.2012.02093.x},
    acmid = {2283310},
    publisher = {Elsevier North-Holland, Inc.},
    address = {Amsterdam, The Netherlands, The Netherlands},
    keywords = {Colour, shading, shadowing, and texture/Radiosity/Raytracing, I.3.7 [Computer Graphics]: Three-Dimensional Graphics and Realism:, global illumination, image synthesis, interactive rendering, photon mapping, radiosity, ray tracing, real-time rendering, volume rendering},
}

@TECHREPORT{Willmott97anempirical,
    author = {Andrew J. Willmott and Paul S. Heckbert},
    title = "{An Empirical Comparison of Radiosity Algorithms}",
    institution = {School of Computer Science, Carnegie Mellon University},
    year = {1997}
}

@INPROCEEDINGS{Arvo86backwardray,
    author = {James Arvo},
    title = "{Backward Ray Tracing}",
    booktitle = {In ACM SIGGRAPH â€™86 Course Notes - Developments in Ray Tracing},
    year = {1986},
    pages = {259--263}
}

@Misc{locdoraytracing,
    author = {Loc Do},
    title = "{HW6: Ray Tracing Extension}",
    howpublished = "\url{https://inst.eecs.berkeley.edu/~cs184/sp12/assignments/Archive/HW6/}",
    year = {2013},
}

@inproceedings{Kaplanyan:2010,
    author = {Kaplanyan, Anton and Dachsbacher, Carsten},
    title = {Cascaded Light Propagation Volumes for Real-time Indirect Illumination},
    booktitle = {Proceedings of the 2010 ACM SIGGRAPH Symposium on Interactive 3D Graphics and Games},
    series = {I3D '10},
    year = {2010},
    isbn = {978-1-60558-939-8},
    location = {Washington, D.C.},
    pages = {99--107},
    numpages = {9},
    url = {http://doi.acm.org/10.1145/1730804.1730821},
    doi = {10.1145/1730804.1730821},
    acmid = {1730821},
    publisher = {ACM},
    address = {New York, NY, USA},
    keywords = {global illumination, real-time rendering},
} 


@InBook{Crane07,
    author =    "Crane, Keenan and Llamas, Ignacio, and Tariq, Sarah",
    title =     "Real Time Simulation and Rendering of 3D Fluids",
    booktitle = "GPUGems 3",
    editor =    "Hubert Nguyen",
    chapter =   "30",
    publisher = "Addison-Wesley",
    year =      "2007"
}

@inproceedings{Keller:1997,
     author = {Keller, Alexander},
     title = {Instant Radiosity},
     booktitle = {Proceedings of the 24th Annual Conference on Computer Graphics and Interactive Techniques},
     series = {SIGGRAPH '97},
     year = {1997},
     isbn = {0-89791-896-7},
     pages = {49--56},
     numpages = {8},
     url = {http://dx.doi.org/10.1145/258734.258769},
     doi = {10.1145/258734.258769},
     acmid = {258769},
     publisher = {ACM Press/Addison-Wesley Publishing Co.},
     address = {New York, NY, USA},
     keywords = {Monte Carlo integration, accumulation buffer, hardware, jittered low discrepany sampling, photorealism, quasi-Monte Carlo integration, quasi-random walk, radiance equation, radiosity, realtime rendering algorithms, shading},
} 

@article{Dachsbacher2014ManyLights,
    title       = {Scalable Realistic Rendering with Many-Light Methods},
    author      = {Dachsbacher, Carsten and K\v{r}iv\'{a}nek, Jaroslav and Ha\v{s}an, Milo\v{s} 
                   and Arbree, Adam and Walter, Bruce and Nov\'{a}k, Jan},
    journal     = {Computer Graphics Forum},
    volume      = {33},
    number      = {1},
    pages       = {88--104},
    year        = {2014},
    issn        = {1467-8659},
}

@inproceedings{Dachsbacher:2005,
 author = {Dachsbacher, Carsten and Stamminger, Marc},
 title = {Reflective Shadow Maps},
 booktitle = {Proceedings of the 2005 Symposium on Interactive 3D Graphics and Games},
 series = {I3D '05},
 year = {2005},
 isbn = {1-59593-013-2},
 location = {Washington, District of Columbia},
 pages = {203--231},
 numpages = {29},
 url = {http://doi.acm.org/10.1145/1053427.1053460},
 doi = {10.1145/1053427.1053460},
 acmid = {1053460},
 publisher = {ACM},
 address = {New York, NY, USA},
 keywords = {hardware-assisted rendering, indirect illumination},
}
@Article{CNSGE11b,
  author       = "Crassin, Cyril and Neyret, Fabrice and Sainz, Miguel and Green, Simon and Eisemann, Elmar",
  title        = "Interactive Indirect Illumination Using Voxel Cone Tracing",
  journal      = "Computer Graphics Forum (Proceedings of Pacific Graphics 2011)",
  number       = "7",
  volume       = "30",
  month        = "sep",
  year         = "2011",
  keywords     = "Global illumination, indirect lighting, ambient occlusion, final gather, cone-tracing, voxels, GPU, real-time rendering",
  url          = "http://maverick.inria.fr/Publications/2011/CNSGE11b"
}
@article{Yee:2001:SSV:383745.383748,
 author = {Yee, Hector and Pattanaik, Sumanita and Greenberg, Donald P.},
 title = {Spatiotemporal Sensitivity and Visual Attention for Efficient Rendering of Dynamic Environments},
 journal = {ACM Trans. Graph.},
 issue_date = {Jan. 2001},
 volume = {20},
 number = {1},
 month = jan,
 year = {2001},
 issn = {0730-0301},
 pages = {39--65},
 numpages = {27},
 url = {http://doi.acm.org/10.1145/383745.383748},
 doi = {10.1145/383745.383748},
 acmid = {383748},
 publisher = {ACM},
 address = {New York, NY, USA},
} 

@book{CozziRiccio12,
  author = {Patrick Cozzi and Christophe Riccio},
  title = {{O}pen{GL} {I}nsights},
  month = {July},
  year = {2012},
  isbn = {978-1439893760},
  publisher = {CRC Press},
  note = {\url{http://www.openglinsights.com/}}
}

@article{hasselgren2005conservative,
  year={2005},
  journal={The Visual Computer},
  title={Conservative rasterization},
  author={Hasselgren, Jon and Akenine-M{\"o}ller, Tomas and Ohlsson, Lennart}
}

@article{zhang2007conservative,
  title={Conservative voxelization},
  author={Zhang, Long and Chen, Wei and Ebert, David S and Peng, Qunsheng},
  journal={The Visual Computer},
  volume={23},
  number={9-11},
  pages={783--792},
  year={2007},
  publisher={Springer}
}

@inproceedings{Huang:1998:AMV:288126.288181,
 author = {Huang, Jian and Yagel, Roni and Filippov, Vassily and Kurzion, Yair},
 title = {An Accurate Method for Voxelizing Polygon Meshes},
 booktitle = {Proceedings of the 1998 IEEE Symposium on Volume Visualization},
 series = {VVS '98},
 year = {1998},
 isbn = {1-58113-105-4},
 location = {Research Triangle Park, North Carolina, USA},
 pages = {119--126},
 numpages = {8},
 url = {http://doi.acm.org/10.1145/288126.288181},
 doi = {10.1145/288126.288181},
 acmid = {288181},
 publisher = {ACM},
 address = {New York, NY, USA},
}

@online{ImageLoadStore,
    author = {Jeff Bolz, Pat Brown},
    title = "{ARB\_shader\_image\_load\_store}",
    year = {2011},
    howpublished = "\url{https://www.opengl.org/registry/specs/ARB/shader_image_load_store.txt}",
}